<record><leader>00000cas a22000007a 4500</leader><controlfield tag="001">35664457</controlfield><controlfield tag="008">961002d195319uumeumr ne      0    0eng d</controlfield><datafield ind1=" " ind2=" " tag="010"><subfield code="a">sn 96075136 </subfield></datafield><datafield ind1=" " ind2=" " tag="040"><subfield code="a">MBN</subfield><subfield code="b">eng</subfield><subfield code="c">MBN</subfield><subfield code="d">OCLCQ</subfield><subfield code="d">OCLCF</subfield><subfield code="d">OCLCO</subfield></datafield><datafield ind1="1" ind2=" " tag="029"><subfield code="a">AU@</subfield><subfield code="b">000012910989</subfield></datafield><datafield ind1=" " ind2=" " tag="042"><subfield code="a">msc</subfield></datafield><datafield ind1="0" ind2="0" tag="245"><subfield code="a">Maine overseas veteran.</subfield></datafield><datafield ind1="3" ind2="0" tag="246"><subfield code="a">VFW Maine overseas veteran</subfield></datafield><datafield ind1=" " ind2=" " tag="260"><subfield code="a">Auburn, Me. :</subfield><subfield code="b">Dept. of Maine, Veterans of Foreign Wars</subfield></datafield><datafield ind1=" " ind2=" " tag="300"><subfield code="a">v.</subfield></datafield><datafield ind1=" " ind2=" " tag="310"><subfield code="a">Monthly</subfield></datafield><datafield ind1="0" ind2=" " tag="362"><subfield code="a">Vol. 1, no. 1 (Dec. 1953)-</subfield></datafield><datafield ind1=" " ind2=" " tag="500"><subfield code="a">Published: Lewiston, &lt;Jan. 1954&gt;</subfield></datafield><datafield ind1=" " ind2=" " tag="500"><subfield code="a">Published: Rumford, &lt;June 1954&gt;-</subfield></datafield><datafield ind1=" " ind2="0" tag="651"><subfield code="a">Auburn (Me.)</subfield><subfield code="v">Newspapers.</subfield></datafield><datafield ind1=" " ind2="7" tag="655"><subfield code="a">Newspapers.</subfield><subfield code="2">fast</subfield><subfield code="0">(OCoLC)fst01423814</subfield></datafield><datafield ind1=" " ind2="7" tag="651"><subfield code="a">Maine</subfield><subfield code="z">Auburn.</subfield><subfield code="2">fast</subfield><subfield code="0">(OCoLC)fst01222169</subfield></datafield><datafield ind1=" " ind2=" " tag="752"><subfield code="a">United States</subfield><subfield code="b">Maine</subfield><subfield code="c">Androscoggin</subfield><subfield code="d">Auburn.</subfield></datafield></record>